@inproceedings{Hattori2021-old,
  title={Effective Area Partitioning in a Multi-Agent Patrolling Domain for Better Efficiency.},
  author={Hattori, Katsuya and Sugawara, Toshiharu},
  booktitle={ICAART (1)},
  pages={281--288},
  year={2021}
}


@conference{Hattori2021,
author={Katsuya Hattori and Toshiharu Sugawara},
title={{Effective Area Partitioning in a Multi-Agent Patrolling Domain for Better Efficiency}},
booktitle={Proceedings of the 13th International Conference on Agents and Artificial Intelligence - Volume 1: ICAART,},
year={2021},
pages={281-288},
publisher={SciTePress},
organization={INSTICC},
doi={10.5220/0010241102810288},
isbn={978-989-758-484-8},
issn={2184-433X},
}

@INPROCEEDINGS{Mazda2005,
  author={Ahmadi, M. and Stone, P.},
  booktitle={ICAR '05. Proceedings., 12th International Conference on Advanced Robotics, 2005.}, 
  title={Continuous area sweeping: a task definition and initial approach}, 
  year={2005},
  pages={316-323},
  doi={10.1109/ICAR.2005.1507430}
}

@inproceedings{Agmon2011,
  title={Multiagent patrol generalized to complex environmental conditions},
  author={Agmon, Noa and Urieli, Daniel and Stone, Peter},
  booktitle={Proceedings of the AAAI Conference on Artificial Intelligence},
  volume={25},
  number={1},
  pages={1090--1095},
  year={2011}
}

@incollection{Tevyashov2022,
  title={Algorithm for Multi-drone Path Planning and Coverage of Agricultural Fields},
  author={Tevyashov, Gleb K and Mamchenko, Mark V and Migachev, Andrey N and Galin, Rinat R and Kulagin, Konstantin A and Trefilov, Petr M and Onisimov, Rodion O and Goloburdin, Nikolay V},
  booktitle={Agriculture Digitalization and Organic Production},
  pages={299--310},
  year={2022},
  publisher={Springer}
}

@inproceedings{Wiandt2018,
  title={Autonomous graph partitioning for multi-agent patrolling problems},
  author={Wiandt, Bern{\'a}t and Simon, Vilmos},
  booktitle={2018 Federated Conference on Computer Science and Information Systems (FedCSIS)},
  pages={261--268},
  year={2018},
  organization={IEEE}
}

@inproceedings{Chevaleyre2004,
  title={A theoretical analysis of multi-agent patrolling strategies},
  author={Chevaleyre, Yann and Sempe, Francois and Ramalho, Geber},
  booktitle={AAMAS},
  volume={4},
  pages={1524--1525},
  year={2004}
}

@inproceedings{Othmani2017,
  title={Multi-agent patrolling in dynamic environments},
  author={Othmani-Guibourg, Mehdi and El Fallah-Seghrouchni, Amal and Farges, Jean-Loup and Potop-Butucaru, Maria},
  booktitle={2017 IEEE international conference on agents (ICA)},
  pages={72--77},
  year={2017},
  organization={IEEE}
}

@article{Zhou2019,
  title={Bayesian reinforcement learning for multi-robot decentralized patrolling in uncertain environments},
  author={Zhou, Xin and Wang, Weiping and Wang, Tao and Lei, Yonglin and Zhong, Fangcheng},
  journal={IEEE Transactions on Vehicular Technology},
  volume={68},
  number={12},
  pages={11691--11703},
  year={2019},
  publisher={IEEE}
}

@inproceedings{Ke2007,
  title={Dynamic area coverage using faulty multi-agent swarms},
  author={Cheng, Ke and Dasgupta, Prithviraj},
  booktitle={2007 IEEE/WIC/ACM International Conference on Intelligent Agent Technology (IAT'07)},
  pages={17--23},
  year={2007},
  organization={IEEE}
}

@inproceedings{Marier2010,
  title={Solving the continuous time multiagent patrol problem},
  author={Marier, Jean-Samuel and Besse, Camille and Chaib-Draa, Brahim},
  booktitle={2010 IEEE International Conference on Robotics and Automation},
  pages={941--946},
  year={2010},
  organization={IEEE}
}

@INPROCEEDINGS{Yoneda2013,
  author={Yoneda, Keisuke and Kato, Chihiro and Sugawara, Toshiharu},
  booktitle={2013 IEEE/WIC/ACM International Joint Conferences on Web Intelligence (WI) and Intelligent Agent Technologies (IAT)},
  title={Autonomous Learning of Target Decision Strategies without Communications for Continuous Coordinated Cleaning Tasks},
  year={2013},
  volume={2},
  pages={216-223},
  doi={10.1109/WI-IAT.2013.112}
}

@article{Sugiyama2015,
  title={動的環境におけるマルチエージェント巡回清掃の自律的な戦略学習の提案},
  author={杉山歩未 and 菅原俊治},
  journal={電子情報通信学会論文誌 D},
  volume={98},
  number={6},
  pages={862--872},
  year={2015},
  publisher={The Institute of Electronics, Information and Communication Engineers}
}

@article{Sugiyama2019,
  title={Emergence of divisional cooperation with negotiation and re-learning and evaluation of flexibility in continuous cooperative patrol problem},
  author={Sugiyama, Ayumi and Sea, Vourchteang and Sugawara, Toshiharu},
  journal={Knowledge and Information Systems},
  volume={60},
  number={3},
  pages={1587--1609},
  year={2019},
  publisher={Springer}
}


@conference{Tsuiki2022,
author={Sota Tsuiki and Keisuke Yoneda and Toshiharu Sugawara},
title={Task Handover Negotiation Protocol for Planned Suspension based on Estimated Chances of Negotiations in Multi-agent Patrolling},
booktitle={Proceedings of the 14th International Conference on Agents and Artificial Intelligence - Volume 1: ICAART,},
year={2022},
pages={83-93},
publisher={SciTePress},
organization={INSTICC},
doi={10.5220/0010896900003116},
isbn={978-989-758-547-0},
issn={2184-433X},
}


@article{Wu2019,
  title={Energy-efficient strategies for multi-agent continuous cooperative patrolling problems},
  author={Wu, Lingying and Sugiyama, Ayumi and Sugawara, Toshiharu},
  journal={Procedia Computer Science},
  volume={159},
  pages={465--474},
  year={2019},
  publisher={Elserier}
}


@inproceedings{Yamauchi2022,
	address = {Richland, SC},
	author = {Yamauchi, Tomoki and Miyashita, Yuki and Sugawara, Toshiharu},
	booktitle = {{Proceedings of the 21st International Conference on Autonomous Agents and Multiagent Systems}},
	date-added = {2022-06-30 15:25:27 +0900},
	date-modified = {2022-07-01 12:13:43 +0900},
	isbn = {9781450392136},
	keywords = {decentralized robot path planning, multi-agent pickup and delivery tasks, deadlock avoidance, multi-agent path finding},
	location = {Virtual Event, New Zealand},
	numpages = {9},
	pages = {1427--1435},
	publisher = {IFAAMAS},
	title = {{Standby-Based Deadlock Avoidance Method for Multi-Agent Pickup and Delivery Tasks}},
	year = {2022}
}

@inproceedings{Othmani2018,
  title={Decentralized multi-agent patrolling strategies using global idleness estimation},
  author={Othmani-Guibourg, Mehdi and Fallah-Seghrouchni, Amal El and Farges, Jean-Loup},
  booktitle={International Conference on Principles and Practice of Multi-Agent Systems},
  pages={603--611},
  year={2018},
  organization={Springer}
}

@INPROCEEDINGS{Mallya2021,
  author={Mallya, Deepak and Kandala, Sumanth and Vachhani, Leena and Sinha, Arpita},
  booktitle={2021 IEEE International Conference on Robotics and Automation (ICRA)}, 
  title={Priority Patrolling using Multiple Agents}, 
  year={2021},
  volume={},
  number={},
  pages={8692-8698},
  doi={10.1109/ICRA48506.2021.9561785}
}

@INPROCEEDINGS{Cabreira2018,
  author={Cabreira, Taua M. and Kappel, Kristofer and de Brisolara, Lisane B. and Ferreira, Paulo R.},
  booktitle={2018 Latin American Robotic Symposium, 2018 Brazilian Symposium on Robotics (SBR) and 2018 Workshop on Robotics in Education (WRE)}, 
  title={An Energy-Aware Real-Time Search Approach for Cooperative Patrolling Missions with Multi-UAVs}, 
  year={2018},
  volume={},
  number={},
  pages={254-259},
  doi={10.1109/LARS/SBR/WRE.2018.00054}
}

@inproceedings{Cabreira2019,
  title={Grid-based coverage path planning with minimum energy over irregular-shaped areas with UAVs},
  author={Cabreira, Taua M and Ferreira, Paulo R and Di Franco, Carmelo and Buttazzo, Giorgio C},
  booktitle={2019 international conference on unmanned aircraft systems (ICUAS)},
  pages={758--767},
  year={2019},
  organization={IEEE}
}

@inproceedings{Sugiyama2015meta,
  title={Meta-strategy for cooperative tasks with learning of environments in multi-agent continuous tasks},
  author={Sugiyama, Ayumi and Sugawara, Toshiharu},
  booktitle={Proceedings of the 30th Annual ACM Symposium on Applied Computing},
  pages={494--500},
  year={2015}
}

@InProceedings{WuPrima2019,
  author={Wu, Lingying and Sugawara, Toshiharu},
  editor={Baldoni, Matteo and Dastani, Mehdi and Liao, Beishui
          and Sakurai, Yuko and Zalila Wenkstern, Rym},
  title={{Strategies for Energy-Aware Multi-agent Continuous
                  Cooperative Patrolling Problems Subject to
                  Requirements}},
  booktitle="PRIMA 2019: Principles and Practice of Multi-Agent Systems",
  year="2019",
  publisher="Springer International Publishing",
  address="Cham",
  pages="585--593",
  doi={10.1007/978-3-030-33792-6_44},
  isbn="978-3-030-33792-6"
}

@INPROCEEDINGS{Kim2016,
  author={Kim, Jeongwan and Dietz, J. Eric and Matson, Eric T},
  booktitle={2016 IEEE Symposium on Technologies for Homeland Security (HST)}, 
  title={Modeling of a multi-robot energy saving system to increase operating time of a firefighting robot}, 
  year={2016},
  volume={},
  number={},
  pages={1-6},
  doi={10.1109/THS.2016.7568971}
}

@article{Benkrid2019,
	author = {Benkrid, Abdenour and Benallegue, Abdelaziz and Achour, Noura},
	date = {2019/12/01},
	doi = {10.1007/s40313-019-00508-4},
	isbn = {2195-3899},
	journal = {Journal of Control, Automation and Electrical Systems},
	number = {6},
	pages = {911--920},
	title = {Multi-robot Coordination for Energy-Efficient Exploration},
	url = {https://doi.org/10.1007/s40313-019-00508-4},
	volume = {30},
	year = {2019},
	bdsk-url-1 = {https://doi.org/10.1007/s40313-019-00508-4}
}

@ARTICLE{Notomista2022,
  author={Notomista, Gennaro and Mayya, Siddharth and Emam, Yousef and Kroninger, Christopher and Bohannon, Addison and Hutchinson, Seth and Egerstedt, Magnus},
  journal={IEEE Transactions on Robotics}, 
  title={A Resilient and Energy-Aware Task Allocation Framework for Heterogeneous Multirobot Systems}, 
  year={2022},
  volume={38},
  number={1},
  pages={159-179},
  doi={10.1109/TRO.2021.3102379}
}

@misc{Latif2021,
  doi = {10.48550/ARXIV.2112.15282},
  url = {https://arxiv.org/abs/2112.15282},
  author = {Latif, Ehsan and Gui, Yikang and Munir, Aiman and Parasuraman, Ramviyas},
  keywords = {Robotics (cs.RO), FOS: Computer and information sciences, FOS: Computer and information sciences},
  title = {Energy-Aware Multi-Robot Task Allocation in Persistent Tasks},
  publisher = {arXiv},
  year = {2021},
  copyright = {arXiv.org perpetual, non-exclusive license}
}

@INPROCEEDINGS{Zhang2010,
  author={Zhang Lin and Xie Xiuying and Zhang Guiqing and Yan Qiao and Shen Bin},
  booktitle={2010 5th IEEE Conference on Industrial Electronics and Applications}, 
  title={Building energy saving design based on multi-agent system}, 
  year={2010},
  volume={},
  number={},
  pages={840-844},
  doi={10.1109/ICIEA.2010.5515101}
}

@INPROCEEDINGS{Li2017,
  author={Li, Weixian and Logenthiran, Thillainathan and Phan,
    Van-Tung and Woo, Wai Lok},
  booktitle={2017 IEEE International Conference on Environment and
    Electrical Engineering and 2017 IEEE Industrial and Commercial
    Power Systems Europe (EEEIC / I&CPS Europe)},
  title={Intelligent housing development building management system
    (HDBMS) for optimized electricity bills},
  year={2017},
  volume={},
  number={},
  pages={1-6},
  doi={10.1109/EEEIC.2017.7977410}
}

@INPROCEEDINGS{Mokhtar2012,
  author={Mokhtar, Maizura and Liu, Xiongwei},
  booktitle={2012 3rd IEEE PES Innovative Smart Grid Technologies Europe (ISGT Europe)}, 
  title={An ARTMAP-incorporated multi-agent system for building intelligent heat management}, 
  year={2012},
  volume={},
  number={},
  pages={1-8},
  doi={10.1109/ISGTEurope.2012.6465634}
}

@article{Li2017Housing,
  title={Housing development building management system (hdbms) for optimized electricity bills},
  author={Li, Weixian and Logenthiran, Thillainathan and Phan, V-T and Woo, Wai Lok},
  journal={Transactions on Environment and Electrical Engineering},
  volume={2},
  number={2},
  pages={64--71},
  year={2017},
  publisher={EEEIC International Barbara Leonowicz Szab{\l}owska}
}

@article{Satish2017,
  title={Lifelong Multi-Agent Path Finding for Online Pickup and Delivery Tasks},
  author={Satish, Hang Ma Jiaoyang Li TK and Koenig, Kumar Sven},
  year={2017}
}

@ARTICLE{Huang2022,  
  author={Huang, Li and Zhou, MengChu and Hao, Kuangrong and Han, Hua},  
  journal={IEEE Transactions on Systems, Man, and Cybernetics: Systems},   
  title={Multirobot Cooperative Patrolling Strategy for Moving Objects},   
  year={2022},  
  volume={},  
  number={},  
  pages={1-13},  
  doi={10.1109/TSMC.2022.3220524}
}
